@article{Stodden2584,
	author = {Stodden, Victoria and Seiler, Jennifer and Ma, Zhaokun},
	title = {An empirical analysis of journal policy effectiveness for computational reproducibility},
	volume = {115},
	number = {11},
	pages = {2584--2589},
	year = {2018},
	doi = {10.1073/pnas.1708290115},
	publisher = {National Academy of Sciences},
	issn = {0027-8424},
	URL = {http://www.pnas.org/content/115/11/2584},
	eprint = {http://www.pnas.org/content/115/11/2584.full.pdf},
	journal = {Proceedings of the National Academy of Sciences}
}
